<record><leader>00000cas a22000007a 4500</leader><controlfield tag="001">17415401</controlfield><controlfield tag="008">880201d18951981ohudn ne      0    0eng d</controlfield><datafield ind1=" " ind2=" " tag="010"><subfield code="a">sn 88078242 </subfield></datafield><datafield ind1=" " ind2=" " tag="040"><subfield code="a">ONP</subfield><subfield code="b">eng</subfield><subfield code="c">ONP</subfield><subfield code="d">NPH</subfield><subfield code="d">ONP</subfield><subfield code="d">OCLCQ</subfield><subfield code="d">OCLCF</subfield><subfield code="d">OCLCO</subfield></datafield><datafield ind1="1" ind2=" " tag="029"><subfield code="a">AU@</subfield><subfield code="b">000020493599</subfield></datafield><datafield ind1=" " ind2=" " tag="042"><subfield code="a">msc</subfield></datafield><datafield ind1=" " ind2=" " tag="043"><subfield code="a">n-us-oh</subfield></datafield><datafield ind1="0" ind2=" " tag="130"><subfield code="a">Evening chronicle (Uhrichsville, Ohio)</subfield></datafield><datafield ind1="1" ind2="4" tag="245"><subfield code="a">The Evening chronicle.</subfield></datafield><datafield ind1=" " ind2=" " tag="260"><subfield code="a">Uhrichsville and Dennison, Ohio :</subfield><subfield code="b">Chronicle Co.,</subfield><subfield code="c">-1981.</subfield></datafield><datafield ind1=" " ind2=" " tag="300"><subfield code="a">v.</subfield></datafield><datafield ind1=" " ind2=" " tag="310"><subfield code="a">Daily (except Sun.)</subfield></datafield><datafield ind1="1" ind2=" " tag="362"><subfield code="a">Began in 1895.</subfield></datafield><datafield ind1="0" ind2=" " tag="362"><subfield code="a">-v. 88, no. 26 (Nov. 26, 1981).</subfield></datafield><datafield ind1=" " ind2=" " tag="500"><subfield code="a">Also published in Dennison, Ohio.</subfield></datafield><datafield ind1=" " ind2=" " tag="580"><subfield code="a">Weekly eds.: Tuscarawas chronicle (New Philadelphia, Ohio : 1865), and : Uhrichsville chronicle (Uhrichsville, Ohio : 1901).</subfield></datafield><datafield ind1=" " ind2=" " tag="588"><subfield code="a">Description based on: Vol. 4, no. 206 (Mar. 16, 1899).</subfield></datafield><datafield ind1=" " ind2="0" tag="651"><subfield code="a">Uhrichsville (Ohio)</subfield><subfield code="v">Newspapers.</subfield></datafield><datafield ind1=" " ind2="0" tag="651"><subfield code="a">Dennison (Ohio)</subfield><subfield code="v">Newspapers.</subfield></datafield><datafield ind1=" " ind2="0" tag="651"><subfield code="a">Tuscarawas County (Ohio)</subfield><subfield code="v">Newspapers.</subfield></datafield><datafield ind1=" " ind2="7" tag="655"><subfield code="a">Newspapers.</subfield><subfield code="2">fast</subfield><subfield code="0">(OCoLC)fst01423814</subfield></datafield><datafield ind1=" " ind2="7" tag="651"><subfield code="a">Ohio</subfield><subfield code="z">Dennison.</subfield><subfield code="2">fast</subfield><subfield code="0">(OCoLC)fst01276286</subfield></datafield><datafield ind1=" " ind2="7" tag="651"><subfield code="a">Ohio</subfield><subfield code="z">Tuscarawas County.</subfield><subfield code="2">fast</subfield><subfield code="0">(OCoLC)fst01214193</subfield></datafield><datafield ind1=" " ind2="7" tag="651"><subfield code="a">Ohio</subfield><subfield code="z">Uhrichsville.</subfield><subfield code="2">fast</subfield><subfield code="0">(OCoLC)fst01264242</subfield></datafield><datafield ind1=" " ind2=" " tag="752"><subfield code="a">United States</subfield><subfield code="b">Ohio</subfield><subfield code="c">Tuscarawas</subfield><subfield code="d">Uhrichsville.</subfield></datafield><datafield ind1="1" ind2=" " tag="775"><subfield code="t">Tuscarawas chronicle (New Philadelphia, Ohio : 1865)</subfield><subfield code="w">(DLC)sn 84028892</subfield></datafield><datafield ind1="1" ind2=" " tag="775"><subfield code="t">Uhrichsville chronicle (Uhrichsville, Ohio : 1901)</subfield><subfield code="w">(DLC)sn 91069005</subfield></datafield><datafield ind1="0" ind2="0" tag="785"><subfield code="t">Chronicle (Uhrichsville, Ohio)</subfield><subfield code="w">(DLC)sn 88078241</subfield></datafield></record>